%YAML 1.1
%TAG !u! tag:unity3d.com,2011:
--- !u!1 &1995970608398922441
GameObject:
  m_ObjectHideFlags: 0
  m_CorrespondingSourceObject: {fileID: 0}
  m_PrefabInstance: {fileID: 0}
  m_PrefabAsset: {fileID: 0}
  serializedVersion: 6
  m_Component:
  - component: {fileID: 1003953863095862749}
  - component: {fileID: 2873300336319829985}
  - component: {fileID: 5501842595422914507}
  - component: {fileID: 7032185136000086355}
  - component: {fileID: 2094532652017954735}
  m_Layer: 0
  m_Name: HealtPickUp
  m_TagString: Untagged
  m_Icon: {fileID: 0}
  m_NavMeshLayer: 0
  m_StaticEditorFlags: 0
  m_IsActive: 1
--- !u!4 &1003953863095862749
Transform:
  m_ObjectHideFlags: 0
  m_CorrespondingSourceObject: {fileID: 0}
  m_PrefabInstance: {fileID: 0}
  m_PrefabAsset: {fileID: 0}
  m_GameObject: {fileID: 1995970608398922441}
  m_LocalRotation: {x: -0, y: -0, z: -0, w: 1}
  m_LocalPosition: {x: -17.878677, y: 0.509, z: 0.587}
  m_LocalScale: {x: 1, y: 1, z: 1}
  m_Children:
  - {fileID: 4185628215273816836}
  m_Father: {fileID: 0}
  m_RootOrder: 0
  m_LocalEulerAnglesHint: {x: 0, y: 0, z: 0}
--- !u!135 &2873300336319829985
SphereCollider:
  m_ObjectHideFlags: 0
  m_CorrespondingSourceObject: {fileID: 0}
  m_PrefabInstance: {fileID: 0}
  m_PrefabAsset: {fileID: 0}
  m_GameObject: {fileID: 1995970608398922441}
  m_Material: {fileID: 0}
  m_IsTrigger: 1
  m_Enabled: 0
  serializedVersion: 2
  m_Radius: 1.5
  m_Center: {x: 0, y: 0, z: 0}
--- !u!114 &5501842595422914507
MonoBehaviour:
  m_ObjectHideFlags: 0
  m_CorrespondingSourceObject: {fileID: 0}
  m_PrefabInstance: {fileID: 0}
  m_PrefabAsset: {fileID: 0}
  m_GameObject: {fileID: 1995970608398922441}
  m_Enabled: 1
  m_EditorHideFlags: 0
  m_Script: {fileID: -1552182283, guid: e725a070cec140c4caffb81624c8c787, type: 3}
  m_Name: 
  m_EditorClassIdentifier: 
  ObjectInterest: 0
  DefaultInterestGroups: []
  DestroyWhenStateAuthorityLeaves: 0
  AllowStateAuthorityOverride: 0
  AoiPositionSource: {fileID: 0}
  Flags: 2305
  NetworkGuid:
    RawGuidValue: c64020ee99e76f54e9b3c73d12fc5a60
  NestedObjects: []
  NetworkedBehaviours:
  - {fileID: 7032185136000086355}
  - {fileID: 2094532652017954735}
  SimulationBehaviours: []
--- !u!114 &7032185136000086355
MonoBehaviour:
  m_ObjectHideFlags: 0
  m_CorrespondingSourceObject: {fileID: 0}
  m_PrefabInstance: {fileID: 0}
  m_PrefabAsset: {fileID: 0}
  m_GameObject: {fileID: 1995970608398922441}
  m_Enabled: 1
  m_EditorHideFlags: 0
  m_Script: {fileID: 158639473, guid: e725a070cec140c4caffb81624c8c787, type: 3}
  m_Name: 
  m_EditorClassIdentifier: 
  WordOffset: 0
  WordCount: 0
  _interpolationDataSource: 2
  InterpolationSpace: 0
  InterpolationTarget: {fileID: 4185628215273816836}
  InterpolateErrorCorrection: 1
  InterpolatedErrorCorrectionSettings:
    MinRate: 3.3
    MaxRate: 10
    PosBlendStart: 0.25
    PosBlendEnd: 1
    PosMinCorrection: 0.025
    PosTeleportDistance: 2
    RotBlendStart: 0.1
    RotBlendEnd: 0.5
    RotTeleportRadians: 1.5
--- !u!114 &2094532652017954735
MonoBehaviour:
  m_ObjectHideFlags: 0
  m_CorrespondingSourceObject: {fileID: 0}
  m_PrefabInstance: {fileID: 0}
  m_PrefabAsset: {fileID: 0}
  m_GameObject: {fileID: 1995970608398922441}
  m_Enabled: 1
  m_EditorHideFlags: 0
  m_Script: {fileID: 11500000, guid: f8a6b10c0f269fb4f901a46f7bf785f2, type: 3}
  m_Name: 
  m_EditorClassIdentifier: 
  WordOffset: 0
  WordCount: 0
  _interpolationDataSource: 2
  _coolDownTime: 60
  _rotateSpeed: 90
  _healingValue: 25
--- !u!1001 &4186120112452076604
PrefabInstance:
  m_ObjectHideFlags: 0
  serializedVersion: 2
  m_Modification:
    m_TransformParent: {fileID: 1003953863095862749}
    m_Modifications:
    - target: {fileID: 1320607676426458, guid: 139f457cf0b22cd43bd106f99ed05528, type: 3}
      propertyPath: m_Name
      value: SM_Icon_Add_01
      objectReference: {fileID: 0}
    - target: {fileID: 4011839913232184, guid: 139f457cf0b22cd43bd106f99ed05528, type: 3}
      propertyPath: m_RootOrder
      value: 0
      objectReference: {fileID: 0}
    - target: {fileID: 4011839913232184, guid: 139f457cf0b22cd43bd106f99ed05528, type: 3}
      propertyPath: m_LocalScale.x
      value: 5
      objectReference: {fileID: 0}
    - target: {fileID: 4011839913232184, guid: 139f457cf0b22cd43bd106f99ed05528, type: 3}
      propertyPath: m_LocalScale.y
      value: 5
      objectReference: {fileID: 0}
    - target: {fileID: 4011839913232184, guid: 139f457cf0b22cd43bd106f99ed05528, type: 3}
      propertyPath: m_LocalScale.z
      value: 5
      objectReference: {fileID: 0}
    - target: {fileID: 4011839913232184, guid: 139f457cf0b22cd43bd106f99ed05528, type: 3}
      propertyPath: m_LocalPosition.x
      value: 0
      objectReference: {fileID: 0}
    - target: {fileID: 4011839913232184, guid: 139f457cf0b22cd43bd106f99ed05528, type: 3}
      propertyPath: m_LocalPosition.y
      value: 0
      objectReference: {fileID: 0}
    - target: {fileID: 4011839913232184, guid: 139f457cf0b22cd43bd106f99ed05528, type: 3}
      propertyPath: m_LocalPosition.z
      value: 0
      objectReference: {fileID: 0}
    - target: {fileID: 4011839913232184, guid: 139f457cf0b22cd43bd106f99ed05528, type: 3}
      propertyPath: m_LocalRotation.w
      value: 1
      objectReference: {fileID: 0}
    - target: {fileID: 4011839913232184, guid: 139f457cf0b22cd43bd106f99ed05528, type: 3}
      propertyPath: m_LocalRotation.x
      value: -0
      objectReference: {fileID: 0}
    - target: {fileID: 4011839913232184, guid: 139f457cf0b22cd43bd106f99ed05528, type: 3}
      propertyPath: m_LocalRotation.y
      value: -0
      objectReference: {fileID: 0}
    - target: {fileID: 4011839913232184, guid: 139f457cf0b22cd43bd106f99ed05528, type: 3}
      propertyPath: m_LocalRotation.z
      value: -0
      objectReference: {fileID: 0}
    - target: {fileID: 4011839913232184, guid: 139f457cf0b22cd43bd106f99ed05528, type: 3}
      propertyPath: m_LocalEulerAnglesHint.x
      value: 0
      objectReference: {fileID: 0}
    - target: {fileID: 4011839913232184, guid: 139f457cf0b22cd43bd106f99ed05528, type: 3}
      propertyPath: m_LocalEulerAnglesHint.y
      value: 0
      objectReference: {fileID: 0}
    - target: {fileID: 4011839913232184, guid: 139f457cf0b22cd43bd106f99ed05528, type: 3}
      propertyPath: m_LocalEulerAnglesHint.z
      value: 0
      objectReference: {fileID: 0}
    - target: {fileID: 23575772024059928, guid: 139f457cf0b22cd43bd106f99ed05528, type: 3}
      propertyPath: m_Materials.Array.data[0]
      value: 
      objectReference: {fileID: 2100000, guid: 14115f3d188a0ad4aa0d47acf40d0f2f, type: 2}
    m_RemovedComponents: []
  m_SourcePrefab: {fileID: 100100000, guid: 139f457cf0b22cd43bd106f99ed05528, type: 3}
--- !u!4 &4185628215273816836 stripped
Transform:
  m_CorrespondingSourceObject: {fileID: 4011839913232184, guid: 139f457cf0b22cd43bd106f99ed05528, type: 3}
  m_PrefabInstance: {fileID: 4186120112452076604}
  m_PrefabAsset: {fileID: 0}
