%YAML 1.1
%TAG !u! tag:unity3d.com,2011:
--- !u!1 &2974398172297767853
GameObject:
  m_ObjectHideFlags: 0
  m_CorrespondingSourceObject: {fileID: 0}
  m_PrefabInstance: {fileID: 0}
  m_PrefabAsset: {fileID: 0}
  serializedVersion: 6
  m_Component:
  - component: {fileID: 652334844223438435}
  m_Layer: 0
  m_Name: GameObject
  m_TagString: Untagged
  m_Icon: {fileID: 0}
  m_NavMeshLayer: 0
  m_StaticEditorFlags: 0
  m_IsActive: 1
--- !u!4 &652334844223438435
Transform:
  m_ObjectHideFlags: 0
  m_CorrespondingSourceObject: {fileID: 0}
  m_PrefabInstance: {fileID: 0}
  m_PrefabAsset: {fileID: 0}
  m_GameObject: {fileID: 2974398172297767853}
  m_LocalRotation: {x: 0, y: 0, z: 0, w: 1}
  m_LocalPosition: {x: 0, y: 0, z: 0}
  m_LocalScale: {x: 1, y: 1, z: 1}
  m_Children:
  - {fileID: 1349980485908153523}
  - {fileID: 4084469368273750430}
  m_Father: {fileID: 6020804384958388075}
  m_RootOrder: 0
  m_LocalEulerAnglesHint: {x: 0, y: 0, z: 0}
--- !u!1 &7942754979529552295
GameObject:
  m_ObjectHideFlags: 0
  m_CorrespondingSourceObject: {fileID: 0}
  m_PrefabInstance: {fileID: 0}
  m_PrefabAsset: {fileID: 0}
  serializedVersion: 6
  m_Component:
  - component: {fileID: 6020804384958388075}
  - component: {fileID: 9161812913448146375}
  m_Layer: 0
  m_Name: Uzi
  m_TagString: Untagged
  m_Icon: {fileID: 0}
  m_NavMeshLayer: 0
  m_StaticEditorFlags: 0
  m_IsActive: 1
--- !u!4 &6020804384958388075
Transform:
  m_ObjectHideFlags: 0
  m_CorrespondingSourceObject: {fileID: 0}
  m_PrefabInstance: {fileID: 0}
  m_PrefabAsset: {fileID: 0}
  m_GameObject: {fileID: 7942754979529552295}
  m_LocalRotation: {x: 0, y: 0, z: 0, w: 1}
  m_LocalPosition: {x: 0, y: 0, z: 0}
  m_LocalScale: {x: 1, y: 1, z: 1}
  m_Children:
  - {fileID: 652334844223438435}
  m_Father: {fileID: 0}
  m_RootOrder: 0
  m_LocalEulerAnglesHint: {x: 0, y: 0, z: 0}
--- !u!114 &9161812913448146375
MonoBehaviour:
  m_ObjectHideFlags: 0
  m_CorrespondingSourceObject: {fileID: 0}
  m_PrefabInstance: {fileID: 0}
  m_PrefabAsset: {fileID: 0}
  m_GameObject: {fileID: 7942754979529552295}
  m_Enabled: 1
  m_EditorHideFlags: 0
  m_Script: {fileID: 11500000, guid: 35cc58b80d95a1e489aac60621482eeb, type: 3}
  m_Name: 
  m_EditorClassIdentifier: 
  _shootPoints:
  - {fileID: 4084469368273750430}
  isShowingLaser: 1
--- !u!1001 &1345862822380353623
PrefabInstance:
  m_ObjectHideFlags: 0
  serializedVersion: 2
  m_Modification:
    m_TransformParent: {fileID: 652334844223438435}
    m_Modifications:
    - target: {fileID: 1095254202041702, guid: 6273e2936e9d6a24e9f64c7c70d6bd19, type: 3}
      propertyPath: m_Name
      value: Uzi
      objectReference: {fileID: 0}
    - target: {fileID: 4907130060635364, guid: 6273e2936e9d6a24e9f64c7c70d6bd19, type: 3}
      propertyPath: m_RootOrder
      value: 0
      objectReference: {fileID: 0}
    - target: {fileID: 4907130060635364, guid: 6273e2936e9d6a24e9f64c7c70d6bd19, type: 3}
      propertyPath: m_LocalPosition.x
      value: 0
      objectReference: {fileID: 0}
    - target: {fileID: 4907130060635364, guid: 6273e2936e9d6a24e9f64c7c70d6bd19, type: 3}
      propertyPath: m_LocalPosition.y
      value: 0
      objectReference: {fileID: 0}
    - target: {fileID: 4907130060635364, guid: 6273e2936e9d6a24e9f64c7c70d6bd19, type: 3}
      propertyPath: m_LocalPosition.z
      value: 0
      objectReference: {fileID: 0}
    - target: {fileID: 4907130060635364, guid: 6273e2936e9d6a24e9f64c7c70d6bd19, type: 3}
      propertyPath: m_LocalRotation.w
      value: 0
      objectReference: {fileID: 0}
    - target: {fileID: 4907130060635364, guid: 6273e2936e9d6a24e9f64c7c70d6bd19, type: 3}
      propertyPath: m_LocalRotation.x
      value: 0
      objectReference: {fileID: 0}
    - target: {fileID: 4907130060635364, guid: 6273e2936e9d6a24e9f64c7c70d6bd19, type: 3}
      propertyPath: m_LocalRotation.y
      value: 1
      objectReference: {fileID: 0}
    - target: {fileID: 4907130060635364, guid: 6273e2936e9d6a24e9f64c7c70d6bd19, type: 3}
      propertyPath: m_LocalRotation.z
      value: 0
      objectReference: {fileID: 0}
    - target: {fileID: 4907130060635364, guid: 6273e2936e9d6a24e9f64c7c70d6bd19, type: 3}
      propertyPath: m_LocalEulerAnglesHint.x
      value: 0
      objectReference: {fileID: 0}
    - target: {fileID: 4907130060635364, guid: 6273e2936e9d6a24e9f64c7c70d6bd19, type: 3}
      propertyPath: m_LocalEulerAnglesHint.y
      value: 180
      objectReference: {fileID: 0}
    - target: {fileID: 4907130060635364, guid: 6273e2936e9d6a24e9f64c7c70d6bd19, type: 3}
      propertyPath: m_LocalEulerAnglesHint.z
      value: 0
      objectReference: {fileID: 0}
    m_RemovedComponents: []
  m_SourcePrefab: {fileID: 100100000, guid: 6273e2936e9d6a24e9f64c7c70d6bd19, type: 3}
--- !u!4 &1349980485908153523 stripped
Transform:
  m_CorrespondingSourceObject: {fileID: 4907130060635364, guid: 6273e2936e9d6a24e9f64c7c70d6bd19, type: 3}
  m_PrefabInstance: {fileID: 1345862822380353623}
  m_PrefabAsset: {fileID: 0}
--- !u!1001 &3935853781687401597
PrefabInstance:
  m_ObjectHideFlags: 0
  serializedVersion: 2
  m_Modification:
    m_TransformParent: {fileID: 652334844223438435}
    m_Modifications:
    - target: {fileID: 1022322710391371235, guid: 616792a6526c60b44a2b72b214032238, type: 3}
      propertyPath: m_RootOrder
      value: 1
      objectReference: {fileID: 0}
    - target: {fileID: 1022322710391371235, guid: 616792a6526c60b44a2b72b214032238, type: 3}
      propertyPath: m_LocalPosition.x
      value: 0
      objectReference: {fileID: 0}
    - target: {fileID: 1022322710391371235, guid: 616792a6526c60b44a2b72b214032238, type: 3}
      propertyPath: m_LocalPosition.y
      value: 0.021
      objectReference: {fileID: 0}
    - target: {fileID: 1022322710391371235, guid: 616792a6526c60b44a2b72b214032238, type: 3}
      propertyPath: m_LocalPosition.z
      value: 0.266
      objectReference: {fileID: 0}
    - target: {fileID: 1022322710391371235, guid: 616792a6526c60b44a2b72b214032238, type: 3}
      propertyPath: m_LocalRotation.w
      value: 1
      objectReference: {fileID: 0}
    - target: {fileID: 1022322710391371235, guid: 616792a6526c60b44a2b72b214032238, type: 3}
      propertyPath: m_LocalRotation.x
      value: -0
      objectReference: {fileID: 0}
    - target: {fileID: 1022322710391371235, guid: 616792a6526c60b44a2b72b214032238, type: 3}
      propertyPath: m_LocalRotation.y
      value: -0
      objectReference: {fileID: 0}
    - target: {fileID: 1022322710391371235, guid: 616792a6526c60b44a2b72b214032238, type: 3}
      propertyPath: m_LocalRotation.z
      value: -0
      objectReference: {fileID: 0}
    - target: {fileID: 1022322710391371235, guid: 616792a6526c60b44a2b72b214032238, type: 3}
      propertyPath: m_LocalEulerAnglesHint.x
      value: 0
      objectReference: {fileID: 0}
    - target: {fileID: 1022322710391371235, guid: 616792a6526c60b44a2b72b214032238, type: 3}
      propertyPath: m_LocalEulerAnglesHint.y
      value: 0
      objectReference: {fileID: 0}
    - target: {fileID: 1022322710391371235, guid: 616792a6526c60b44a2b72b214032238, type: 3}
      propertyPath: m_LocalEulerAnglesHint.z
      value: 0
      objectReference: {fileID: 0}
    - target: {fileID: 2320097154434949884, guid: 616792a6526c60b44a2b72b214032238, type: 3}
      propertyPath: m_Name
      value: ShottingPoint
      objectReference: {fileID: 0}
    m_RemovedComponents: []
  m_SourcePrefab: {fileID: 100100000, guid: 616792a6526c60b44a2b72b214032238, type: 3}
--- !u!4 &4084469368273750430 stripped
Transform:
  m_CorrespondingSourceObject: {fileID: 1022322710391371235, guid: 616792a6526c60b44a2b72b214032238, type: 3}
  m_PrefabInstance: {fileID: 3935853781687401597}
  m_PrefabAsset: {fileID: 0}
